@article{OpenCMISS2011,
  title={OpenCMISS: a multi-physics \& multi-scale computational infrastructure for the VPH/Physiome project},
  author={Bradley, Chris and Bowery, Andy and Britten, Randall and Budelmann, Vincent and Camara, Oscar and Christie, Richard and Cookson, Andrew and Frangi, Alejandro F and Gamage, Thiranja Babarenda and Heidlauf, Thomas and others},
  journal={Progress in biophysics and molecular biology},
  volume={107},
  number={1},
  pages={32--47},
  year={2011},
  publisher={Elsevier}
}

@article{hodgkin1952propagation,
  title={Propagation of electrical signals along giant nerve fibres},
  author={Hodgkin, Alan L and Huxley, Andrew F},
  journal={Proceedings of the Royal Society of London. Series B, Biological Sciences},
  pages={177--183},
  year={1952},
  publisher={JSTOR}
}

@article{noble1998improved,
  title={Improved guinea-pig ventricular cell model incorporating a diadic space, IKr and IKs, and length-and tension-dependent processes},
  author={Noble, Denis and Varghese, Anthony and Kohl, Peter and Noble, Penelope},
  journal={Canadian Journal of Cardiology},
  volume={14},
  number={1},
  pages={123--134},
  year={1998},
  publisher={[Oakville, Ont.: Canadian Cardiology Publications, c1984-(Don Mills, Ont.: Plow and Waters Printing, 1984?-])}
}
